@inproceedings{iof:sze15,
  title={{Batch Normalization: Accelerating Deep Network Training by Reducing Internal Covariate Shift}},
  author={Ioffe, Sergey and Szegedy, Christian},
  booktitle={International Conference on Machine Learning (ICML)},
  pages={448--456},
  year={2015}
}

@article{hah:sar00,
  title={{Digital Selection and Analogue Amplification Coexist in a Cortex-Inspired Silicon Circuit}},
  author={Hahnloser, Richard HR and Sarpeshkar, Rahul and Mahowald, Misha A and Douglas, Rodney J and Seung, H Sebastian},
  journal={Nature},
  volume={405},
  number={6789},
  pages={947--951},
  year={2000},
  publisher={Nature Publishing Group}
}

@misc{gartner-iot,
  author =        "Gartner, Inc.",
  howpublished =  {\url{https://www.gartner.com/newsroom/id/3165317}},
  note =          {[Online; accessed 11/10/17]},
  title =         {{Gartner Says 6.4 Billion Connected "Things" Will Be in Use in 2016, Up 30 Percent From 2015}},
  year =         {2015},
}

@misc{pi3,
  author =        "Raspberry PI Foundation",
  howpublished =  {\url{https://www.raspberrypi.org/products/raspberry-pi-3-model-b/}},
  note =          {[Online; accessed 11/10/17]},
  title =         {{Raspberry Pi 3}},
  year =         {2017},
}

@misc{pi3-cam,
  author =        "Raspberry PI Foundation",
  howpublished =  {\url{https://www.raspberrypi.org/products/camera-module-v2/}},
  note =          {[Online; accessed 11/10/17]},
  title =         {{Raspberry Pi 3}},
  year =         {2017},
}

@misc{apache,
  author =        "The Apache Software Foundation",
  howpublished =  {\url{https://avro.apache.org}},
  note =          {[Online; accessed 11/10/17]},
  title =         {{Apache Avro}},
  year =         {2017},
}


@misc{nest,
  author =        "Nest Labs",
  howpublished =  {\url{https://nest.com/cameras/}},
  note =          {[Online; accessed 11/10/17]},
  title =         {{Nest Cam Family}},
  year =         {2017},
}

@misc{nest-term,
  author =        "Nest Labs",
  howpublished =  {\url{https://nest.com/thermostats/}},
  note =          {[Online; accessed 11/10/17]},
  title =         {{Nest Thermostats}},
  year =         {2017},
}

@misc{nest-term-breakdown,
  author =        "iFixit",
  howpublished =  {\url{https://www.ifixit.com/Teardown/Nest+Learning+Thermostat+2nd+Generation+Teardown/13818}},
  note =          {[Online; accessed 11/10/17]},
  title =         {{Nest Learning Thermostat 2nd Generation Teardown}},
  year =         {2017},
}

@misc{nest-term-breakdown-arm,
  author =        "Texas Instruments",
  howpublished =  {\url{http://www.ti.com/lit/ds/sprs616f/sprs616f.pdf}},
  note =          {[Online; accessed 11/10/17]},
  title =         {{Texas Instruments AM3703CUS Sitara ARM Cortex A8 Microprocessor}},
  year =         {2017},
}

@misc{nest-6core,
  author =        "arsTechnica",
  howpublished =  {\url{https://arstechnica.com/gadgets/2017/05/nest-cam-iq-is-a-300-indoor-camera-with-a-6-core-processor/}},
  note =          {[Online; accessed 11/10/17]},
  title =         {{Nest Cam IQ is a \$300 Indoor Camera With a 6-Core Processor}},
  year =         {2017},
}



@article{gartner-iot-datacenter,
  title={{The Impact of the Internet of Things on Data Centers}},
  author={Biscotti, F and Skorupa, J and Contu, R and others},
  journal={Gartner Research},
  volume={18},
  year={2014}
}
%  pages={2014},

@article{lee:lee15,
  title={{The Internet of Things (IoT): Applications, Investments, and Challenges for Enterprises}},
  author={Lee, In and Lee, Kyoochun},
  journal={Business Horizons},
  volume={58},
  number={4},
  pages={431--440},
  year={2015},
  publisher={Elsevier}
}

@inproceedings{khan:khan12,
  title={{Future Internet: The Internet of Things Architecture, Possible Applications and Key Challenges}},
  author={Khan, Rafiullah and Khan, Sarmad Ullah and Zaheer, Rifaqat and Khan, Shahid},
  booktitle={International Conference on Frontiers of Information Technology (FIT)},
  pages={257--260},
  year={2012},
  organization={IEEE}
}

@inproceedings{ryoo:kim17,
  title={{Extreme Low Resolution Activity Recognition with Multi-Siamese Embedding Learning}},
  author={Ryoo, Michael S and Kim, Kiyoon and Yang, Hyun Jong},
  booktitle={Conference on Artificial Intelligence (AAAI)},
  month={Feb.},
  year={2018}
}

@article{li:zha16,
  title={{Ternary Weight Networks}},
  author={Li, Fengfu and Zhang, Bo and Liu, Bin},
  journal={arXiv preprint arXiv:1605.04711},
  year={2016}
}

@article{cou:hub:16,
  title={{Binarized Neural Networks: Training Deep Neural Networks with Weights and Activations Constrained to +1 or- 1}},
  author={Courbariaux, Matthieu and Hubara, Itay and Soudry, Daniel and El-Yaniv, Ran and Bengio, Yoshua},
  journal={arXiv preprint arXiv:1602.02830},
  year={2016}
}

@inproceedings{rast:ord16,
  title={{XNOR-Net: Imagenet Classification Using Binary Convolutional Neural Networks}},
  author={Rastegari, Mohammad and Ordonez, Vicente and Redmon, Joseph and Farhadi, Ali},
  booktitle={European Conference on Computer Vision (ECCV)},
  pages={525--542},
  year={2016},
  organization={Springer}
}

@inproceedings{yu:luk17,
  title={{Scalpel: Customizing DNN Pruning to the Underlying Hardware Parallelism}},
  author={Yu, Jiecao and Lukefahr, Andrew and Palframan, David and Dasika, Ganesh and Das, Reetuparna and Mahlke, Scott},
  booktitle={International Symposium on Computer Architecture (ISCA)},
  pages={548--560},
  year={2017},
}
%  organization={ACM}

@inproceedings{col:wes08,
  title={{A Unified Architecture for Natural Language Processing: Deep Neural Networks with Multitask Learning}},
  author={Collobert, Ronan and Weston, Jason},
  booktitle={ International Conference on Machine Learning (ICML)},
  pages={160--167},
  year={2008},
  organization={ACM}
}

@inproceedings{he:zha16,
  title={{Deep Residual Learning for Image Recognition}},
  author={He, Kaiming and Zhang, Xiangyu and Ren, Shaoqing and Sun, Jian},
  booktitle={Conference on Computer Vision and Pattern Recognition (CVPR)},
  pages={770--778},
  year={2016}
}

@inproceedings{sim:zis14-deep,
  title={{Very Deep Convolutional Networks for Large-Scale Image Recognition}},
  author={Simonyan, Karen and Zisserman, Andrew},
  booktitle={International Conference on Learning Representations (ICLR)},
  year={2015}
}
%  journal={arXiv preprint arXiv:1409.1556},


@inproceedings{han:mao15,
  title={{Deep Compression: Compressing Deep Neural Network with Pruning, Trained
               Quantization and Huffman Coding}},
  author={Han, Song and Mao, Huizi and Dally, William J},
  booktitle={International Conference on Learning Representations (ICLR)},
  year={2016}
}
%  journal={arXiv preprint arXiv:1510.00149},

@inproceedings{kan:hau17,
  title={{Neurosurgeon: Collaborative Intelligence Between the Cloud and Mobile Edge}},
  author={Kang, Yiping and Hauswald, Johann and Gao, Cao and Rovinski, Austin and Mudge, Trevor and Mars, Jason and Tang, Lingjia},
  booktitle={International Conference on Architectural Support for Programming Languages and Operating Systems (ASPLOS)},
  pages={615--629},
  year={2017},

}
%  organization={ACM}

@article{cou:ben14,
  title={{Training Deep Neural Networks with Low Precision Multiplication}},
  author={Courbariaux, Matthieu and Bengio, Yoshua and David, Jean-Pierre},
  journal={arXiv preprint arXiv:1412.7024},
  year={2014}
}


@inproceedings{kri:sut12,
  title={{Imagenet Classification With Deep Convolutional Neural Networks}},
  author={Krizhevsky, Alex and Sutskever, Ilya and Hinton, Geoffrey E},
  booktitle={Advances in Neural Information Processing Systems (NIPS)},
  pages={1097--1105},
  year={2012}
}

@inproceedings{bah:cho14,
  title={{Neural Machine Translation by Jointly Learning to Align and Translate}},
  author={Bahdanau, Dzmitry and Cho, Kyunghyun and Bengio, Yoshua},
  booktitle={International Conference on Learning Representations (ICLR)},
  journal={arXiv preprint arXiv:1409.0473},
  year={2015}
}

@inproceedings{sim:zis14,
  title={{Two-Stream Convolutional Networks for Action Recognition in Videos}},
  author={Simonyan, Karen and Zisserman, Andrew},
  booktitle={Advances in Neural Information Processing Systems (NIPS)},
  pages={568--576},
  year={2014}
}

@inproceedings{jhu:ser07,
  title={{A Biologically Inspired System for Action Recognition}},
  author={Jhuang, Hueihan and Serre, Thomas and Wolf, Lior and Poggio, Tomaso},
  booktitle={International Conference on Computer Vision (ICCV)},
  pages={1--8},
  year={2007},
  organization={IEEE}
}

@inproceedings{kar:tod14,
  title={{Large-scale Video Classification with Convolutional Neural Networks}},
  author={Karpathy, Andrej and Toderici, George and Shetty, Sanketh and Leung, Thomas and Sukthankar, Rahul and Fei-Fei, Li},
  booktitle={Conference on Computer Vision and Pattern Recognition (CVPR)},
  pages={1725--1732},
  year={2014}
}

@inproceedings{lap:mar08,
  title={{Learning Realistic Human Actions from Movies}},
  author={Laptev, Ivan and Marszalek, Marcin and Schmid, Cordelia and Rozenfeld, Benjamin},
  booktitle={Conference on Computer Vision and Pattern Recognition (CVPR)},
  pages={1--8},
  year={2008},
}
%  organization={IEEE}

@inproceedings{wan:sch13,
  title={{Action Recognition with Improved Trajectories}},
  author={Wang, Heng and Schmid, Cordelia},
  booktitle={International Conference on Computer Vision (ICCV)},
  pages={3551--3558},
  year={2013}
}

@inproceedings{ryo:rot17,
  title={{Privacy-Preserving Human Activity Recognition from Extreme Low Resolution.}},
  author={Ryoo, Michael S and Rothrock, Brandon and Fleming, Charles and Yang, Hyun Jong},
  booktitle={Conference on Artificial Intelligence (AAAI)},
  pages={4255--4262},
  year={2017}
}

@inproceedings{wan:cha16,
  title={{Studying Very Low Resolution Recognition Using Deep Networks}},
  author={Wang, Zhangyang and Chang, Shiyu and Yang, Yingzhen and Liu, Ding and Huang, Thomas S},
  booktitle={Conference on Computer Vision and Pattern Recognition (CVPR)},
  pages={4792--4800},
  year={2016}
}

@inproceedings{che:wu17,
  title={{Semi-Coupled Two-Stream Fusion ConvNets for Action Recognition at Extremely Low Resolutions}},
  author={Chen, Jiawei and Wu, Jonathan and Konrad, Janusz and Ishwar, Prakash},
  booktitle={Conference on Applications of Computer Vision (WACV)},
  pages={139--147},
  year={2017},
}

@article{rus:den15,
  title={{Imagenet Large Scale Visual Recognition Challenge}},
  author={Russakovsky, Olga and Deng, Jia and Su, Hao and Krause, Jonathan and Satheesh, Sanjeev and Ma, Sean and Huang, Zhiheng and Karpathy, Andrej and Khosla, Aditya and Bernstein, Michael and others},
  journal={International Journal of Computer Vision (IJCV)},
  volume={115},
  number={3},
  pages={211--252},
  year={2015},
  publisher={Springer}
}

@inproceedings{lev:gol14,
  title={{Neural Word Embedding as Implicit Matrix Factorization}},
  author={Levy, Omer and Goldberg, Yoav},
  booktitle={Advances in Neural Information Processing Systems (NIPS)},
  pages={2177--2185},
  year={2014}
}

@article{far:gun03,
  title={{Two-Frame Motion Estimation Based on Polynomial Expansion}},
  author={Farneb{\"a}ck, Gunnar},
  journal={Image Analysis},
  pages={363--370},
  year={2003},
  publisher={Springer}
}

@inproceedings{kue:jhu11,
  title={{HMDB: A Large Video Database for Human Motion Recognition}},
  author={Kuehne, Hildegard and Jhuang, Hueihan and Garrote, Est{\'\i}baliz and Poggio, Tomaso and Serre, Thomas},
  booktitle={International Conference on Computer Vision (ICCV)},
  pages={2556--2563},
  year={2011},
}
%  organization={IEEE}

@inproceedings{cho:jeo08,
  title={{Spatio-Temporal Pyramid Matching for Sports Videos}},
  author={Choi, Jaesik and Jeon, Won J and Lee, Sang-Chul},
  booktitle={International Conference on Multimedia Information Retrieval (ICMR)},
  pages={291--297},
  year={2008},
}

@misc{chollet2015keras,
  title={{Keras}},
  author={Chollet, Fran\c{c}ois and others},
  year={2015},
  publisher={GitHub},
  howpublished={\url{https://github.com/fchollet/keras}},
}

@misc{tensorflow2015-whitepaper,
title={{{TensorFlow}: Large-Scale Machine Learning on Heterogeneous Systems}},
url={https://www.tensorflow.org/},
note={Software available from tensorflow.org},
author={
    Mart\'{\i}n~Abadi and others},
  year={2015},
}
%author={
%    Mart\'{\i}n~Abadi and
%    Ashish~Agarwal and
%    Paul~Barham and
%    Eugene~Brevdo and
%    Zhifeng~Chen and
%    Craig~Citro and
%    Greg~S.~Corrado and
%    Andy~Davis and
%    Jeffrey~Dean and
%    Matthieu~Devin and
%    Sanjay~Ghemawat and
%    Ian~Goodfellow and
%    Andrew~Harp and
%    Geoffrey~Irving and
%    Michael~Isard and
%    Yangqing Jia and
%    Rafal~Jozefowicz and
%    Lukasz~Kaiser and
%    Manjunath~Kudlur and
%    Josh~Levenberg and
%    Dan~Man\'{e} and
%    Rajat~Monga and
%    Sherry~Moore and
%    Derek~Murray and
%    Chris~Olah and
%    Mike~Schuster and
%    Jonathon~Shlens and
%    Benoit~Steiner and
%    Ilya~Sutskever and
%    Kunal~Talwar and
%    Paul~Tucker and
%    Vincent~Vanhoucke and
%    Vijay~Vasudevan and
%    Fernanda~Vi\'{e}gas and
%    Oriol~Vinyals and
%    Pete~Warden and
%    Martin~Wattenberg and
%    Martin~Wicke and
%    Yuan~Yu and
%    Xiaoqiang~Zheng},


@article{can:pas16,
  title={{An Analysis of Deep Neural Network Models for Practical Applications}},
  author={Canziani, Alfredo and Paszke, Adam and Culurciello, Eugenio},
  journal={arXiv preprint arXiv:1605.07678},
  year={2016}
}

@article{nvidia-whitepaper,
  title={{GPU-Based Deep Learning Inference: A Performance and Power Analysis}},
  author={Nvidia},
  journal={NVidia Whitepaper},
  year={2015}
}



@misc{jetson,
  author =        "NVIDIA",
  howpublished =  {\url{http://www.nvidia.com/object/embedded-systems-dev-kits-modules.html}},
  note =          {[Online; accessed 11/10/17]},
  title =         {{NVIDIA Jetson TX}},
  year =         {2017},
}

@misc{jetson-tk,
  author =        "NVIDIA",
  howpublished =  {\url{http://www.nvidia.com/object/jetson-tk1-embedded-dev-kit.html}},
  note =          {[Online; accessed 11/10/17]},
  title =         {{NVIDIA TK}},
  year =          {2017},
}



@inproceedings{had:cho06,
  title={{Dimensionality Reduction by Learning an Invariant Mapping}},
  author={Hadsell, Raia and Chopra, Sumit and LeCun, Yann},
  booktitle={Conference on Computer Vision and Pattern Recognition (CVPR)},
  volume={2},
  pages={1735--1742},
  year={2006},
}

@article{bel:bal15,
  title={{Learning Visual Similarity for Product Design with Convolutional Neural Networks}},
  author={Bell, Sean and Bala, Kavita},
  journal={Transactions on Graphics (TOG)},
  volume={34},
  number={4},
  pages={98},
  year={2015},
}

@inproceedings{iwa:tak14,
  title={{First-Person Animal Activity Recognition from Egocentric Videos}},
  author={Iwashita, Yumi and Takamine, Asamichi and Kurazume, Ryo and Ryoo, Michael S},
  booktitle={International Conference on Pattern Recognition (ICPR)},
  pages={4310--4315},
  year={2014},
  organization={IEEE}
}

@article{gon:li14,
  title={{Compressing Deep Convolutional Networks Using Vector Quantization}},
  author={Gong, Yunchao and Liu, Liu and Yang, Ming and Bourdev, Lubomir},
  journal={arXiv preprint arXiv:1412.6115},
  year={2014}
}

@inproceedings{van:sen11,
  title={{Improving the Speed of Neural Networks on CPUs}},
  author={Vanhoucke, Vincent and Senior, Andrew and Mao, Mark Z},
  booktitle={Proceeding Deep Learning and Unsupervised Feature Learning NIPS Workshop},
  volume={1},
  pages={4},
  year={2011}
}

@inproceedings{mao:chn17,
  title={{MoDNN: Local Distributed Mobile Computing System for Deep Neural Network}},
  author={Mao, Jiachen and Chen, Xiang and Nixon, Kent W and Krieger, Christopher and Chen, Yiran},
  booktitle={Design, Automation \& Test in Europe Conference \& Exhibition (DATE)},
  pages={1396--1401},
  year={2017},
  organization={IEEE}
}


@inproceedings{she:fer16,
 author = {Shen, Yongming and Ferdman, Michael and Milder, Peter},
 title = {{Maximizing {CNN} Accelerator Efficiency Through Resource Partitioning}},
 booktitle = {Proceedings of the 44th Annual International Symposium on Computer Architecture},
 series = {International Symposium on Computer Architecture (ISCA)},
 year = {2017},
}

@inproceedings{guo:yin17,
  title={{Bit-Width Based Resource Partitioning for CNN Acceleration on FPGA}},
  author={Guo, Jianxin and Yin, Shouyi and Ouyang, Peng and Liu, Leibo and Wei, Shaojun},
  booktitle={International Symposium on Field-Programmable Custom Computing Machines (FCCM)},
  year={2017},
}
%  organization={IEEE}
%  pages={31--31},


@inproceedings{hau:man14,
  title={{A Hybrid Approach to Offloading Mobile Image Classification}},
  author={Hauswald, Johann and Manville, Thomas and Zheng, Qi and Dreslinski, Ronald and Chakrabarti, Chaitali and Mudge, Trevor},
  booktitle={International Conference on Acoustics, Speech and Signal Processing (ICASSP)},
  pages={8375--8379},
  year={2014},
}

@misc{ell,
  author =        "Microsoft",
  howpublished =  {\url{https://microsoft.github.io/ELL/}},
  note =          {[Online; accessed 11/10/17]},
  title =         {{Embedded Learning Library (ELL)}},
  year =          {2017},
}

@article{how:zhu17,
  title={{Mobilenets: Efficient Convolutional Neural Networks for Mobile Vision Applications}},
  author={Howard, Andrew G and Zhu, Menglong and Chen, Bo and Kalenichenko, Dmitry and Wang, Weijun and Weyand, Tobias and Andreetto, Marco and Adam, Hartwig},
  journal={arXiv preprint arXiv:1704.04861},
  year={2017}
}

@inproceedings{sze:liu15,
  title={{Going Deeper with Convolutions}},
  author={Szegedy, Christian and Liu, Wei and Jia, Yangqing and Sermanet, Pierre and Reed, Scott and Anguelov, Dragomir and Erhan, Dumitru and Vanhoucke, Vincent and Rabinovich, Andrew},
  booktitle={Conference on Computer Vision and Pattern Recognition (CVPR)},
  pages={1--9},
  year={2015}
}

@inproceedings{zei:fer14,
  title={{Visualizing and Understanding Convolutional Networks}},
  author={Zeiler, Matthew D and Fergus, Rob},
  booktitle={European Conference on Computer Vision (ECCV)},
  pages={818--833},
  year={2014},
  organization={Springer}
}

@inproceedings{he:zha15,
  title={{Delving Deep into Rectifiers: Surpassing Human-Level Performance on Imagenet Classification}},
  author={He, Kaiming and Zhang, Xiangyu and Ren, Shaoqing and Sun, Jian},
  booktitle={International Conference on Computer Vision (ICCV)},
  pages={1026--1034},
  year={2015}
}

@misc{a53,
  author =        "{ARM} holdings",
  howpublished =  {\url{https://developer.arm.com/products/processors/cortex-a/cortex-a53}},
  note =          {[Online; accessed 11/10/17]},
  title =         {{Embedded Learning Library (ELL)}},
  year =          {2017},
}

@inproceedings{siamese,
  title={{Signature Verification Using a Siamese Time Delay Neural Network}},
  author={Bromley, Jane and Guyon, Isabelle and LeCun, Yann and S{\"a}ckinger, Eduard and Shah, Roopak},
  booktitle={Advances in Neural Information Processing Systems (NIPS)},
  pages={737--744},
  year={1994}
}

@inproceedings{wan:li16,
  title={{Re-Architecting the On-Chip Memory Sub-System of Machine-Learning Accelerator for Embedded Devices}},
  author={Wang, Ying and Li, Huawei and Li, Xiaowei},
  booktitle={International Conference on Computer-Aided Design (ICCAD)},
  pages={1--6},
  year={2016},
}

@inproceedings{kim:par15,
  title={{Compression of Deep Convolutional Neural Networks for Fast and Low Power Mobile Applications}},
  author={Kim, Yong-Deok and Park, Eunhyeok and Yoo, Sungjoo and Choi, Taelim and Yang, Lu and Shin, Dongjun},
  booktitle={International Conference on Learning Representations (ICLR)},
  journal={arXiv preprint arXiv:1511.06530},
  year={2016}
}

@inproceedings{han:shn16,
  title={{MCDNN: An Execution Framework for Deep Neural Networks on Resource-Constrained Devices}},
  author={Han, Seungyeop and Shen, Haichen and Philipose, Matthai and Agarwal, Sharad and Wolman, Alec and Krishnamurthy, Arvind},
  booktitle={International Conference on Mobile Systems, Applications, and Services (MobiSys)},
  year={2016}
}

@inproceedings{lei:sen13,
  title={{Accurate and Compact Large Vocabulary Speech Recognition on Mobile Devices}},
  author={Lei, Xin and Senior, Andrew W and Gruenstein, Alexander and Sorensen, Jeffrey},
  booktitle={Interspeech},
  volume={1},
  year={2013}
}

@inproceedings{mcd:tee17,
 author = {McDanel, Bradley and Teerapittayanon, Surat and Kung, H.T.},
 title = {{Embedded Binarized Neural Networks}},
 booktitle = {International Conference on Embedded Wireless Systems and Networks (EWSN)},
 year = {2017},
 pages = {168--173},
}

@misc{caffe2Go,
  author =        "Facebook",
  howpublished =  {\url{https://code.facebook.com/posts/196146247499076/delivering-real-time-ai-in-the-palm-of-your-hand/}},
  note =          {[Online; accessed 11/10/17]},
  title =         {{Caffe2Go: Delivering real-time AI in the palm of your hand}},
  year =          {2017},
}

@misc{tensorflowLite,
  author =        "Google",
  howpublished =  {\url{https://www.tensorflow.org/mobile/tflite/}},
  note =          {[Online; accessed 11/10/17]},
  title =         {{Introduction to TensorFlow Lite}},
  year =          {2017},
}

@inproceedings{tee:mcd17,
  title={{Distributed Deep Neural Networks Over the Cloud, the Edge and End Devices}},
  author={Teerapittayanon, Surat and McDanel, Bradley and Kung, HT},
  booktitle={International Conference on Distributed Computing Systems (ICDCS)},
  pages={328--339},
  year={2017},
}

@inproceedings{ban:wan17,
  title={{14.7 A 288$\mu$W Programmable Deep-Learning Processor with 270KB On-Chip Weight Storage Using Non-Uniform Memory Hierarchy for Mobile Intelligence}},
  author={Bang, Suyoung and Wang, Jingcheng and Li, Ziyun and Gao, Cao and Kim, Yejoong and Dong, Qing and Chen, Yen-Po and Fick, Laura and Sun, Xun and Dreslinski, Ron and others},
  booktitle={International Solid-State Circuits Conference (ISSCC)},
  pages={250--251},
  year={2017},
}


@inproceedings{lik:hou16,
  title={{RedEye: Analog ConvNet Image Sensor Architecture for Continuous Mobile Vision}},
  author={LiKamWa, Robert and Hou, Yunhui and Gao, Julian and Polansky, Mia and Zhong, Lin},
  booktitle={International Symposium on Computer Architecture (ISCA)},
  pages={255--266},
  year={2016},
}



@inproceedings{coa:huv13,
  title={{Deep Learning with COTS HPC Systems}},
  author={Coates, Adam and Huval, Brody and Wang, Tao and Wu, David and Catanzaro, Bryan and Andrew, Ng},
  booktitle={International Conference on Machine Learning},
  pages={1337--1345},
  year={2013}
}

@article{ian:mos16,
  title={{SqueezeNet: AlexNet-Level Accuracy with 50x Fewer Parameters and <0.5 MB Model Size}},
  author={Iandola, Forrest N and Han, Song and Moskewicz, Matthew W and Ashraf, Khalid and Dally, William J and Keutzer, Kurt},
  journal={arXiv preprint arXiv:1602.07360},
  year={2016}
}


%% YOLO

@inroceedings{red:kum16,
  author    = {Joseph Redmon and Santosh Kumar Divvala and Ross B. Girshick and Ali Farhadi},
  title     = {{IEEE} Conference on Computer Vision and Pattern Recognition,
               {(CVPR)}},
  month     = {June},
  year      = {2016},
}
%  url       = {http://ieeexplore.ieee.org/xpl/mostRecentIssue.jsp?punumber=7776647},

@misc{request-asplos18,
    title={{ReQuEST at ASPLOS'18:} 1st Reproducible Tournament on Pareto-efficient Image Classification},
    howpublished="\url{http://cknowledge.org/request-cfp-asplos2018.html}",
    year="2018"
}

@inproceedings{cm:29db2248aba45e59:0c7348dfbadd5b95,

   author = {{Moreau}, Thierry and {Lokhmotov}, Anton and {Fursin}, Grigori},
    title = "{Introducing ReQuEST: an Open Platform for Reproducible and Quality-Efficient Systems-ML Tournaments}",
  journal = {ArXiv e-prints},
archivePrefix = "arXiv",
   eprint = {1801.06378},
 primaryClass = "stat.ML",
 keywords = {Statistics - Machine Learning, Computer Science - Learning, Computer Science - Software Engineering},
     year = 2018,
    month = jan,
   adsurl = {http://adsabs.harvard.edu/abs/2018arXiv180106378M},
  adsnote = {Provided by the SAO/NASA Astrophysics Data System}
}
